@misc{ASH:2021:Online,
author = {TechTarget},
title = {Análisis estadístico},
year = {s.f},
howpublished = "url{https://searchdatacenter.techtarget.com/es/definicion/Analisis-estadistico}",
urldate = {16-06-2021}
}


@misc{DatosINE:Online,
author = {Griselda Rojas Peña},
title = {Estadística de Padrón Electoral y Lista Nominal de Electores},
year = {2020},
howpublished = "url{https://www.ine.mx/transparencia/datos-abiertos/#/archivo/estadistica-padron-electoral-lista-nominal-electores}",
urldate = {16-06-2021}
}