@misc{Eustat:Online,
author = {Instituto Vasco de Estadística},
title = {Ficha metodológica: Tasa de Natalidad},
year = {s.f},
howpublished = "url{https://www.eustat.eus/documentos/datos/PI_metod/INDES-DEM02_c.asp}",
urldate = {16-06-2021}
}

@misc{UNdata:Online,
author = {UNdata},
title = {Live births by sex and urban/rural residence},
year = {2017},
howpublished = "url{http://data.un.org/Data.aspx?d=POP&f=tableCode%3a4}",
urldate = {14-06-2021}
}